<?xml version="1.0" encoding="utf-8"?>
<record xmlns="http://www.loc.gov/MARC21/slim" xmlns:xsi="http://www.w3.org/2001/XMLSchema-instance" xsi:schemaLocation="http://www.loc.gov/MARC21/slim http://www.loc.gov/standards/marcxml/schema/MARC21slim.xsd">
	<leader>     nam a22     Mi 4500</leader>
	<controlfield tag="001">b11403408</controlfield>
	<controlfield tag="003">UaCaAUL</controlfield>
	<controlfield tag="006">m        d        </controlfield>
	<controlfield tag="007">cr cn |||m|||a</controlfield>
	<controlfield tag="008">191001s1903    ua      o     000 0 ara d</controlfield>
	<datafield ind1=" " ind2=" " tag="040">
		<subfield code="a">ZYU</subfield>
		<subfield code="b">ara</subfield>
		<subfield code="e">rda</subfield>
		<subfield code="c">ZYU</subfield>
	</datafield>
	<datafield ind1=" " ind2="4" tag="050">
		<subfield code="a">BP189.26.I253</subfield>
		<subfield code="b">Q27 1903</subfield>
	</datafield>
	<datafield ind1="0" ind2=" " tag="100">
		<subfield code="6">880-01</subfield>
		<subfield code="a">ʻAbd al-Razzāq al-Qāshānī,</subfield>
		<subfield code="d">-1330.</subfield>
	</datafield>
	<datafield ind1="1" ind2="0" tag="240">
		<subfield code="6">880-02</subfield>
		<subfield code="a">Sharḥ ʻalá Fuṣūṣ al-ḥikam</subfield>
	</datafield>
	<datafield ind1="1" ind2="0" tag="245">
		<subfield code="6">880-03</subfield>
		<subfield code="a">Hādhā Kitāb sharḥ ʻAbd al-Razzāq al-Qāshānī ʻalá Fuṣūṣ al-ḥikam li-Muḥyī al-Dīn ibn al-ʻArabī.</subfield>
	</datafield>
	<datafield ind1="3" ind2="0" tag="246">
		<subfield code="6">880-04</subfield>
		<subfield code="a">Kitāb sharḥ ʻAbd al-Razzāq al-Qāshānī ʻalá Fuṣūṣ al-ḥikam</subfield>
	</datafield>
	<datafield ind1=" " ind2=" " tag="260">
		<subfield code="6">880-05</subfield>
		<subfield code="a">[al-Qāhirah] :</subfield>
		<subfield code="b">al-Maṭbaʻah al-Maymanīyah,</subfield>
		<subfield code="c">1321 [1903]</subfield>
	</datafield>
	<datafield ind1=" " ind2=" " tag="300">
		<subfield code="a">online resource (284 pages)</subfield>
	</datafield>
	<datafield ind1=" " ind2=" " tag="336">
		<subfield code="a">text</subfield>
		<subfield code="2">rdacontent</subfield>
	</datafield>
	<datafield ind1=" " ind2=" " tag="337">
		<subfield code="a">computer</subfield>
		<subfield code="2">rdamedia</subfield>
	</datafield>
	<datafield ind1=" " ind2=" " tag="338">
		<subfield code="a">online resource</subfield>
		<subfield code="2">rdacarrier</subfield>
	</datafield>
	<datafield ind1=" " ind2=" " tag="500">
		<subfield code="a">Part of the Arabic Collections Online (ACO) project, contributed by American University in Cairo Library.</subfield>
	</datafield>
	<datafield ind1=" " ind2=" " tag="533">
		<subfield code="a">Electronic reproduction.</subfield>
		<subfield code="b">New York, N.Y. :</subfield>
		<subfield code="c">New York University,</subfield>
		<subfield code="d">2019.</subfield>
		<subfield code="5">NNU</subfield>
	</datafield>
	<datafield ind1="0" ind2="0" tag="600">
		<subfield code="6">880-06</subfield>
		<subfield code="a">Ibn al-ʻArabī,</subfield>
		<subfield code="d">1165-1240.</subfield>
		<subfield code="t">Fuṣūṣ al-ḥikam.</subfield>
	</datafield>
	<datafield ind1="0" ind2="7" tag="630">
		<subfield code="a">Fuṣūṣ al-ḥikam (Ibn al-ʻArabī)</subfield>
		<subfield code="2">fast</subfield>
		<subfield code="0">(OCoLC)fst01371634</subfield>
	</datafield>
	<datafield ind1="0" ind2="4" tag="600">
		<subfield code="6">880-09</subfield>
		<subfield code="a">Ibn al-ʻArabī,</subfield>
		<subfield code="d">1165-1240.</subfield>
		<subfield code="t">Fuṣūṣ al-ḥikam.</subfield>
	</datafield>
	<datafield ind1="2" ind2=" " tag="710">
		<subfield code="a">American University in Cairo.</subfield>
		<subfield code="b">Library.</subfield>
	</datafield>
	<datafield ind1="0" ind2=" " tag="730">
		<subfield code="a">Arabic Collections Online.</subfield>
	</datafield>
	<datafield ind1="0" ind2=" " tag="740">
		<subfield code="6">880-07</subfield>
		<subfield code="a">Hādhā Kitāb Sharḥ al-ustādh al-fāḍil wa-al-ʻālim al-kāmil al-Shaykh ʻAbd al-Razzāq al-Qāshānī ʻalá Fuṣūṣ al-ḥikam.</subfield>
	</datafield>
	<datafield ind1="0" ind2=" " tag="740">
		<subfield code="6">880-08</subfield>
		<subfield code="a">Kitāb Sharḥ al-ustādh al-fāḍil wa-al-ʻālim al-kāmil al-Shaykh ʻAbd al-Razzāq al-Qāshānī ʻalá Fuṣūṣ al-ḥikam.</subfield>
	</datafield>
	<datafield ind1="0" ind2="8" tag="776">
		<subfield code="i">Print version:</subfield>
		<subfield code="a">ʻAbd al-Razzāq al-Qāshānī, -1330.</subfield>
		<subfield code="t">Hādhā Kitāb sharḥ ʻAbd al-Razzāq al-Qāshānī ʻalá Fuṣūṣ al-ḥikam li-Muḥyī al-Dīn ibn al-ʻArabī</subfield>
		<subfield code="w">(UaCaAUL)b11403408</subfield>
		<subfield code="w">(OCoLC)122779424</subfield>
	</datafield>
	<datafield ind1="4" ind2="0" tag="856">
		<subfield code="u">http://hdl.handle.net/2333.1/ghx3fq9g</subfield>
	</datafield>
	<datafield ind1="0" ind2=" " tag="880">
		<subfield code="6">100-01</subfield>
		<subfield code="a">عبد الرزاق القاشاني.</subfield>
	</datafield>
	<datafield ind1="1" ind2="0" tag="880">
		<subfield code="6">240-02</subfield>
		<subfield code="a">شرح على فصوص الحكم</subfield>
	</datafield>
	<datafield ind1="1" ind2="0" tag="880">
		<subfield code="6">245-03</subfield>
		<subfield code="a">هذا كتاب شرح عبد الرزاق القاشاني على فصوص الحكم لمحيي الدين بن عربي.</subfield>
	</datafield>
	<datafield ind1="3" ind2="0" tag="880">
		<subfield code="6">246-04</subfield>
		<subfield code="a">كتاب شرح عبد الرزاق القاشاني على فصوص الحكم</subfield>
	</datafield>
	<datafield ind1=" " ind2=" " tag="880">
		<subfield code="6">260-05</subfield>
		<subfield code="a">[القاهرة] :</subfield>
		<subfield code="b">المطبعة الميمنية،</subfield>
		<subfield code="c">1321.</subfield>
	</datafield>
	<datafield ind1="0" ind2="4" tag="880">
		<subfield code="6">600-06</subfield>
		<subfield code="a">ابن العربي.</subfield>
		<subfield code="t">فصوص الحكم.</subfield>
	</datafield>
	<datafield ind1="0" ind2="4" tag="880">
		<subfield code="6">600-09</subfield>
		<subfield code="a">ابن العربي.</subfield>
		<subfield code="t">فصوص الحكم.</subfield>
	</datafield>
	<datafield ind1="0" ind2=" " tag="880">
		<subfield code="6">740-07</subfield>
		<subfield code="a">هذا كتاب شرح الاستاذ الفاضل والعالم الكامل الشيخ عبد الرزاق القاشاني على فصوص الحكم.</subfield>
	</datafield>
	<datafield ind1="0" ind2=" " tag="880">
		<subfield code="6">740-08</subfield>
		<subfield code="a">كتاب شرح الاستاذ الفاضل والعالم الكامل الشيخ عبد الرزاق القاشاني على فصوص الحكم.</subfield>
	</datafield>
	<datafield ind1=" " ind2=" " tag="959">
		<subfield code="a">NNU</subfield>
		<subfield code="b">WEB</subfield>
		<subfield code="c">GENI</subfield>
		<subfield code="t">0</subfield>
		<subfield code="m">Electronic access</subfield>
		<subfield code="s">01</subfield>
	</datafield>
	<datafield ind1=" " ind2=" " tag="999">
		<subfield code="i">UaCaAUL_b11403408</subfield>
		<subfield code="o">(OCoLC)ocn122779424</subfield>
		<subfield code="s">auc_aco000677</subfield>
	</datafield>
</record>
